@Article{IntroMathOnc,
Author = "Rockne RC, Scott JG.",
title = {Introduction to Mathematical Oncology},
year={2019 Apr},
doi= {10.1200/CCI.19.00010}
url={https://pmc.ncbi.nlm.nih.gov/articles/PMC6752950/}}
