@Article{IntroMathOnc,
author = "Rockne RC, Scott JG.",
title = {Introduction to Mathematical Oncology},
year={April 2019},
doi= {10.1200/CCI.19.00010},
url={https://pmc.ncbi.nlm.nih.gov/articles/PMC6752950/}
}

@Article{YinMoes,
author="Yin A, Moes DJAR, van Hasselt JGC, Swen JJ, Guchelaar HJ",
title={A Review of Mathematical Models for Tumor Dynamics and Treatment Resistance Evolution of Solid Tumors},
journal={CPT Pharmacometrics Syst Pharmacol},
year={October 2019},
}

@Article{Steb23,
author= "Justin Stebbing, Federico Boiardi and the TMLEP Clinical Risk Team",
year = {23 Jan 2023},
title={When Did This Tumour Start? The need for a Gompertzian Understanding of Tumour Growth Kinetics}
}